@article{hawass2012,
  author  = {Hawass, Zahi and Gad, Yehia Z. and Ismail, Somaia and et al.},
  title   = {Revisiting the harem conspiracy and death of Ramesses III: Anthropological, forensic, radiological, and genetic study},
  journal = {BMJ},
  year    = {2012},
  volume  = {345},
  pages   = {e8268},
  doi     = {10.1136/bmj.e8268}
}

@book{equiano1789,
  author    = {Equiano, Olaudah},
  title     = {The Interesting Narrative of the Life of Olaudah Equiano, or Gustavus Vassa, the African. Written by Himself. Vol. 1},
  year      = {1789},
  address   = {London},
  note      = {Eighteenth Century Collections; scanned volume},
  url       = {https://archive.org/details/bim_eighteenth-century_the-interesting-narrativ_equiano-olaudah_1789_1}
}

@book{basden1921,
  author    = {Basden, George Thomas},
  title     = {Among the Ibos of Nigeria: An Account of the Curious \& Interesting Habits, Customs \& Beliefs of a Little Known African People},
  year      = {1921},
  address   = {London},
  publisher = {Seeley, Service \& Co., Ltd.},
  url       = {https://archive.org/details/amongibosofniger00basd}
  % Direct PDF (stable mirror): https://archive.org/download/amongibosofniger00basd/amongibosofniger00basd.pdf
}

@book{williams1930,
  author    = {Williams, Joseph J.},
  title     = {Hebrewisms of West Africa: From Nile to Niger with the Jews},
  year      = {1930},
  address   = {London},
  publisher = {George Allen and Unwin Ltd.},
  note      = {Public scan via Digital Library of India (full text PDF)},
  url       = {https://archive.org/details/in.ernet.dli.2015.506996}
}

@misc{slavevoyages,
  author = {{SlaveVoyages Consortium}},
  title  = {Trans-Atlantic Slave Trade Database},
  year   = {2023},
  url    = {https://www.slavevoyages.org/voyage/database}
}

@book{BDB1906,
  author    = {Brown, Francis and Driver, S. R. and Briggs, Charles A.},
  title     = {A Hebrew and English Lexicon of the Old Testament},
  year      = {1906},
  address   = {Oxford},
  publisher = {Clarendon Press}
}

@book{HALOT1994,
  author    = {K\"{o}ehler, Ludwig and Baumgartner, Walter and Stamm, Johann Jakob},
  title     = {The Hebrew and Aramaic Lexicon of the Old Testament},
  year      = {1994},
  address   = {Leiden},
  publisher = {Brill}
}

@book{DCH1993,
  author    = {Clines, David J. A.},
  title     = {The Dictionary of Classical Hebrew},
  year      = {1993},
  address   = {Sheffield},
  publisher = {Sheffield Academic Press}
}

@misc{athey2006,
  author = {Athey, Whit},
  title  = {Haplogroup Prediction from Y-STR Values (Athey Predictor)},
  year   = {2006},
  note   = {Online calculator},
  url    = {http://www.hprg.com/hapest5/}
}

@misc{nevgen,
  author = {{NevGen}},
  title  = {Y-DNA Haplogroup Predictor},
  year   = {2025},
  url    = {https://www.nevgen.org/}
}

@misc{yleaf,
  author = {{YLeaf}},
  title  = {YLeaf STR-based Haplogroup Inference Tool},
  year   = {2025},
  url    = {https://yleaf.com/}
}
